@Book{adkins92,
	author    = "William A. Adkins",
	title     = "Algebra An Approach via Module Theory",
	publisher = "Springer-Verlag",
	year      = 1992
}

@Book{roman07,
	author    = "Steven Roman",
	title     = "Advanced Linear Algebra",
	publisher = "Springer-Verlag",
	year      = 2007
}

@Article{martin01,
	author  = "{Mart{\'i}n-S{\'a}nchez, {\'O}scar}, {Paraja-Flores, Crist{\'o}bal}",
	title   = "Two Reflected Analysis of Lights Out",
	journal = "Mathematics Magazine",
	pages   = {295--304},
	volume  = 74,
	number  = 4,
	month   = oct,
	year    = 2001,
}

@Article{wanrooy08a,
	author  = "{Wanrooy, Daan}",
	title   = "Lit Generalised Lights Out is NP-Hard",
	journal = "unpublished",
	year    = 2008,
}

@Article{wanrooy08b,
	author  = "{Wanrooy, Daan}",
	title   = "Infinite Lit Generalised Lights Out is turing-complete",
	journal = "unpublished",
	year    = 2008,
}
