@Book{adkins92,
	author    = "William A. Adkins",
	title     = "Algebra An Approach via Module Theory",
	publisher = "Springer-Verlag",
	year      = 1992
}

@Book{roman07,
	author    = "Steven Roman",
	title     = "Advanced Linear Algebra",
	publisher = "Springer-Verlag",
	year      = 2007
}

@Article{pelletier87,
  author  = "Don Pelletier",
  title   = "Merlin's Magic Square",
  journal = "The American Mathematical Monthly",
  pages   = {143-150},
  volume  = 94,
  number  = 2,
  month   = feb,
  year    = 1987
}

@Article{sutner89
  author  = "Klaus Sutner",
  title   = "Linear Cellular Automata and the Garden-of-Eden",
  journal = "The Mathematical Intelligencer",
  pages   = {49-53},
  volume  = 11,
  number  = 2,
  month   = mar,
  year    = 1989
}

@Article{anderson98,
  author  = "Marlow Anderson \& Todd Feil",
  title   = "Turning Lights Out with Linear Algebra",
  journal = "Mathematics Magazine",
  pages   = {300-303},
  volume  = 71,
  number  = 4,
  month   = oct,
  year    = 1998
}

@Article{martin01,
	author  = "{Mart{\'i}n-S{\'a}nchez, {\'O}scar}, {Paraja-Flores, Crist{\'o}bal}",
	title   = "Two Reflected Analysis of Lights Out",
	journal = "Mathematics Magazine",
	pages   = {295--304},
	volume  = 74,
	number  = 4,
	month   = oct,
	year    = 2001
}

@Article{leach17,
  author  = "C. David Leach",
  title   = "Chasing the Lights in Lights Out",
  journal = "Mathematics Magazine",
  pages   = {126-133},
  volume  = 90,
  number  = 2,
  month   = dec,
  year    = 2017
}

