@Book{pickover,
	author    = {Clifford A. Pickover},
	title     = {{Wonders of Numbers}},
	publisher = {Oxford University Press},
	year      = 2001
}

@Book{tao,
	author    = {Terence Tao},
	title     = {{Analysis I}},
	publisher = {Hindustan Book Agency},
	year      = 2006
}

@Misc{oeis:munchausen,
	author       = {The On-Line Encyclopedia of Integer Sequences},
	title        = {{A166623}},
	howpublished = {\url{http://www.research.att.com/~njas/sequences/A166623}}
}

@Misc{oeis:narcissistic,
	author       = {The On-Line Encyclopedia of Integer Sequences},
	title        = {{A005188}},
	howpublished = {\url{http://www.research.att.com/~njas/sequences/A005188}}
}

@Misc{wikipedia:narcissistic_number,
	author = {Wikipedia},
	title  = {{Narcissistic Number}},
	howpublished = {\url{http://en.wikipedia.org/wiki/Narcissistic_number}}
}

@Misc{wolfram:narcissistic_number,
	author = {Wolfram Math World},
	title  = {{Narcissistic Number}},
	howpublished = {\url{http://mathworld.wolfram.com/NarcissisticNumber.html}}
}
