@Book{dvb,
	author    = {Daan van Berkel},
	title     = {{On a curious property of 3435}},
	publisher = {ArXiv},
	year      = 2010
}

@Book{tao,
	author    = {Terence Tao},
	title     = {{Analysis I}},
	publisher = {Hindustan Book Agency},
	year      = 2006
}

@Misc{wikipedia:pdi,
	author = {Wikipedia},
	title  = {{Perfect Digital Invariant}},
	howpublished = {\url{http://en.wikipedia.org/wiki/Narcissistic_number}}
}
